<record><leader>00000cas a22000007a 4500</leader><controlfield tag="001">29962104</controlfield><controlfield tag="008">940314c19949999arudn ne      0   a0eng c</controlfield><datafield ind1=" " ind2=" " tag="010"><subfield code="a">sn 94002291 </subfield></datafield><datafield ind1=" " ind2=" " tag="040"><subfield code="a">NSD</subfield><subfield code="b">eng</subfield><subfield code="c">NSD</subfield><subfield code="d">OCLCQ</subfield></datafield><datafield ind1=" " ind2=" " tag="012"><subfield code="m">y</subfield></datafield><datafield ind1="1" ind2=" " tag="022"><subfield code="a">1075-1866</subfield><subfield code="l">1075-1866</subfield><subfield code="y">075-6956</subfield><subfield code="2">1</subfield></datafield><datafield ind1=" " ind2=" " tag="032"><subfield code="a">142600</subfield><subfield code="b">USPS</subfield></datafield><datafield ind1=" " ind2=" " tag="037"><subfield code="b">The Courier, P.O. Box 887, Russellville, AR  72911-0887</subfield></datafield><datafield ind1=" " ind2=" " tag="042"><subfield code="a">nsdp</subfield><subfield code="a">pcc</subfield></datafield><datafield ind1="0" ind2=" " tag="130"><subfield code="a">Courier (Russellville, Ark.)</subfield></datafield><datafield ind1=" " ind2="4" tag="222"><subfield code="a">The Courier</subfield><subfield code="b">(Russellville, Ark.)</subfield></datafield><datafield ind1="0" ind2="4" tag="245"><subfield code="a">The Courier.</subfield></datafield><datafield ind1=" " ind2=" " tag="260"><subfield code="a">Russellville, Ark. :</subfield><subfield code="b">Russellville Newspapers, Inc.,</subfield><subfield code="c">[1994-</subfield></datafield><datafield ind1=" " ind2=" " tag="300"><subfield code="a">v.</subfield></datafield><datafield ind1=" " ind2=" " tag="310"><subfield code="a">Daily (except Saturdays and Christmas)</subfield></datafield><datafield ind1="0" ind2=" " tag="362"><subfield code="a">70th year, no. 039 (Feb. 15, 1994)-</subfield></datafield><datafield ind1=" " ind2=" " tag="752"><subfield code="a">United States</subfield><subfield code="b">Arkansas</subfield><subfield code="c">Pope</subfield><subfield code="d">Russellville.</subfield></datafield><datafield ind1="0" ind2="0" tag="780"><subfield code="t">Courier Democrat (Russellville, Ark. : Daily : 1983)</subfield><subfield code="x">0745-6956</subfield><subfield code="w">(DLC)sn 83000653</subfield><subfield code="w">(OCoLC)9383954</subfield></datafield></record>